@article{lee:adaptivebehavior,
	author = "Leo Lee",
	title = "Adaptive Behavior for Fighting Game Characters",
	month = "May",
	year = {2005}	}

@article{ricciardi:adaptiveai,
	author = "Antonio Ricciardi and Patrick Thill",
	title = "Adapative AI for Fighting Games",
	month = "December",
	year = {2008}	}

@article{graepel:learningtofight,
	author = "Thore Graepel and Ralf Herbrich and Julian Gold",
	title = "Learning to fight",
	month = "January",
	year = {2004}	}

@article{spronck:adaptivegameai,
	author = "Pieter Spronck",
	title = "Adaptive Game AI",
	month = "May",
	year = {2005}	}

@article{lueangrueangroj:realtimeghostai,
	author = "Sarayut Lueangrueangroj and Vishnu Kotrajaras",
	title = "Real-Time Imitation Based Learning for Commercial Fighting Games",
	year = {2009}	}

@article{thunputtarakul:dataanalysisghostai,
	author = "Worapoj Thunputtarakul and Vishnu Kotrajaras",
	title = "Data Analysis for Ghost AI Creation in Commercial Fighting Games",
	month = "January",
	year = {2007}	}
	
@article{saini:mimicking, 
	author={Saini, S. and Chung, P.W.H. and Dawson, C.W.}, 
	booktitle={Information Technology and Artificial Intelligence Conference (ITAIC), 2011 6th IEEE Joint International}, 
	title={Mimicking human strategies in fighting games using a Data Driven Finite State Machine}, 
	year={2011}, 
	month={Aug}, 
	volume={2}, 
	pages={389-393}, 
	keywords={artificial intelligence;avatars;computer games;data analysis;finite state machines;Naive Bayes classifier;artificial intelligence;avatar;data driven finite state machine;human strategies mimicking;multiplayer fighting videogames;online play;signature style;strategic data;tactical data;Artificial intelligence;Automata;Computer architecture;Games;Humans;MIMICs;Real time systems;Artificial;Bayes;FSM;Intelligence;fighting;game}, 
	doi={10.1109/ITAIC.2011.6030356} }

	
@inproceedings{Hunicke:2005:CDD:1178477.1178573,
	author = {Hunicke, Robin},
	title = {The Case for Dynamic Difficulty Adjustment in Games},
	booktitle = {Proceedings of the 2005 ACM SIGCHI International Conference on Advances in Computer Entertainment Technology},
	series = {ACE '05},
	year = {2005},
	isbn = {1-59593-110-4},
	location = {Valencia, Spain},
	pages = {429--433},
	numpages = {5},
	url = {http://doi.acm.org/10.1145/1178477.1178573},
	doi = {10.1145/1178477.1178573},
	acmid = {1178573},
	publisher = {ACM},
	address = {New York, NY, USA},
	keywords = {AI, computer entertainment, dynamic difficulty adjustment, video games} } 

	
@book{Sutton:1998:IRL:551283,
	author = {Sutton, Richard S. and Barto, Andrew G.},
	title = {Introduction to Reinforcement Learning},
	year = {1998},
	isbn = {0262193981},
	edition = {1st},
	publisher = {MIT Press},
	address = {Cambridge, MA, USA},
}

@misc{mkhikian:thoughts,
	author = "Artavan Mkhikian",
	title = "Thoughts on Fighting Game AI",
	howpublished = {\url{http://sonichurricane.com/?p=2452}},
	month = "April",
	year = {2010},
	note = {Accessed: 2014-04-25}
}